<?xml version="1.0" encoding="UTF-8"?><collection xmlns="http://www.loc.gov/MARC21/slim"><record><leader>00512nam--2200145-i-4500</leader><controlfield tag="001">000024162</controlfield><controlfield tag="002">20161230</controlfield><controlfield tag="005">20161230201035</controlfield><controlfield tag="008">060222s1000------------r-----000-0-eng-d</controlfield><datafield ind1=" " ind2=" " tag="080"><subfield code="a">577.352.523:541.135</subfield></datafield><datafield ind1=" " ind2=" " tag="100"><subfield code="a">Hassan, S.S.M. And Ma. T.S</subfield></datafield><datafield ind1=" " ind2=" " tag="245"><subfield code="a">Organic analysis using ion-selective electrodes. applications and experimental procedures</subfield></datafield><datafield ind1=" " ind2=" " tag="260"><subfield code="a">London, Academic Press, 1982. Xiii + 284 P</subfield></datafield><datafield ind1=" " ind2=" " tag="490"><subfield code="a">The Analysis Off Organic Materials. An International Series Of Monographs. Nr.14</subfield></datafield><datafield ind1=" " ind2=" " tag="852"><subfield code="a">45324</subfield></datafield></record></collection>